@misc{Fokkinga_homo-cata,
  author = {Maarten M. Fokkinga},
  title = {},
  year = {1990},
  url = {https://maartenfokkinga.github.io/utwente/mmf90.pdf}
}


@inproceedings{DBLP:conf/fpca/MeijerFP91,
  author    = {Erik Meijer and
               Maarten M. Fokkinga and
               Ross Paterson},
  editor    = {John Hughes},
  title     = {Functional Programming with Bananas, Lenses, Envelopes and Barbed
               Wire},
  booktitle = {Functional Programming Languages and Computer Architecture, 5th {ACM}
               Conference, Cambridge, MA, USA, August 26-30, 1991, Proceedings},
  series    = {Lecture Notes in Computer Science},
  volume    = {523},
  pages     = {124--144},
  publisher = {Springer},
  year      = {1991},
  url       = {https://doi.org/10.1007/3540543961\_7},
  doi       = {10.1007/3540543961\_7},
  timestamp = {Tue, 08 Mar 2022 10:14:58 +0100},
  biburl    = {https://dblp.org/rec/conf/fpca/MeijerFP91.bib},
  bibsource = {dblp computer science bibliography, https://dblp.org}
}

@article{DBLP:journals/jfp/Hutton99,
  author    = {Graham Hutton},
  title     = {A Tutorial on the Universality and Expressiveness of Fold},
  journal   = {J. Funct. Program.},
  volume    = {9},
  number    = {4},
  pages     = {355--372},
  year      = {1999},
  url       = {http://journals.cambridge.org/action/displayAbstract?aid=44275},
  timestamp = {Fri, 10 Jun 2011 14:42:12 +0200},
  biburl    = {https://dblp.org/rec/journals/jfp/Hutton99.bib},
  bibsource = {dblp computer science bibliography, https://dblp.org}
}


@phdthesis{vene_phd,
  author = {Vene, Varmo},
  title = {Categorical programming with inductive and coinductive types},
  year = {2000},
  school = {University of Tartu},
}

@book{pierce,
  author = {Pierce, Benjamin},
  title = {A taste of category theory for computer scientists},
  url = {https://kilthub.cmu.edu/articles/journal_contribution/A_taste_of_category_theory_for_computer_scientists/6602756/1},
  year = {1988},
  note = {Available for free},
  }

@misc{haskell-wiki-hask,
   author = {HaskellWiki},
   title = {Hask --- HaskellWiki{,}},
   year = "2012",
   url = {https://wiki.haskell.org/index.php?title=Hask&oldid=52908},
   note = {[Online; accessed 9-April-2022]}
 }

@misc{goguen_thatcher_wagner_wright_1973,
  author = {J. A. Goguen, J. W. Thatcher, E. G. Wagner, J. B. Wright},
  title = {A Junction between Computer Science and Category Theory, I: Basic Concepts and Examples (Part 1)},
  year = {1973},
  note = {IBM Technical Report, \url{https://dominoweb.draco.res.ibm.com/49eae98dc5a21de0852574ff005001c8.html}}
  }


@book{leinster,
 author = {Leinster, Tom},
 title = {Basic Category Theory},
 url = {https://arxiv.org/abs/1612.09375},
 note = {Available under a Creative Commons license}
 }

@misc{catsters,
  author = {Catsters, The},
  title = {Video lectures on category theory},
  url = {https://www.youtube.com/user/TheCatsters}
}

@book{barr-wells,
  author = {Barr, Michael and Wells, Charles},
  title = {Category Theory for Computing Science},
  url = {http://www.tac.mta.ca/tac/reprints/articles/22/tr22abs.html},
  note = {Originally published: Prentice-Hall International Series in Computer Science, 1995}
 }